% Encoding: UTF-8

@Article{guo2017region,
  author  = {Guo, Hengkai and Wang, Guijin and Chen, Xinghao and Zhang, Cairong and Qiao, Fei and Yang, Huazhong},
  title   = {Region Ensemble Network: Improving Convolutional Network for Hand Pose Estimation},
  journal = {arXiv preprint arXiv:1702.02447},
  year    = {2017},
  review  = {use resNet as a baseline, and use different crops to predict joint.},
}

@Article{chen2016multi,
  author  = {Chen, Xiaozhi and Ma, Huimin and Wan, Ji and Li, Bo and Xia, Tian},
  title   = {Multi-View 3D Object Detection Network for Autonomous Driving},
  journal = {arXiv preprint arXiv:1611.07759},
  year    = {2016},
}

@Article{jacobs1991adaptive,
  author    = {Jacobs, Robert A and Jordan, Michael I and Nowlan, Steven J and Hinton, Geoffrey E},
  title     = {Adaptive mixtures of local experts},
  journal   = {Neural computation},
  year      = {1991},
  volume    = {3},
  number    = {1},
  pages     = {79--87},
  publisher = {MIT Press},
}

@Article{zaremba2014learning,
  author  = {Zaremba, Wojciech and Sutskever, Ilya},
  title   = {Learning to execute},
  journal = {arXiv preprint arXiv:1410.4615},
  year    = {2014},
}

@Article{supancic2015depth,
  author  = {J. S. Supancic III, G. Rogez, Y. Yang, J. Shotton, and D. Ramanan},
  title   = {Depth-based hand pose estimation: methods, data, and challenges},
  journal = {ICCV},
  year    = {2015},
}

@Article{deng2017hand3d,
  author  = {Deng, Xiaoming and Yang, Shuo and Zhang, Yinda and Tan, Ping and Chang, Liang and Wang, Hongan},
  title   = {Hand3D: Hand Pose Estimation using 3D Neural Network},
  journal = {arXiv preprint arXiv:1704.02224},
  year    = {2017},
}

@Comment{jabref-meta: databaseType:bibtex;}
